%YAML 1.1
%TAG !u! tag:unity3d.com,2011:
--- !u!1 &2981609721413699231
GameObject:
  m_ObjectHideFlags: 0
  m_CorrespondingSourceObject: {fileID: 0}
  m_PrefabInstance: {fileID: 0}
  m_PrefabAsset: {fileID: 0}
  serializedVersion: 6
  m_Component:
  - component: {fileID: 2983675890216833275}
  - component: {fileID: 2959138651750429355}
  - component: {fileID: 2968435201006009949}
  m_Layer: 0
  m_Name: Grass_3 (37)
  m_TagString: Untagged
  m_Icon: {fileID: 0}
  m_NavMeshLayer: 0
  m_StaticEditorFlags: 4294967295
  m_IsActive: 1
--- !u!4 &2983675890216833275
Transform:
  m_ObjectHideFlags: 0
  m_CorrespondingSourceObject: {fileID: 0}
  m_PrefabInstance: {fileID: 0}
  m_PrefabAsset: {fileID: 0}
  m_GameObject: {fileID: 2981609721413699231}
  m_LocalRotation: {x: -0.7071068, y: 0, z: 0, w: 0.7071068}
  m_LocalPosition: {x: 3.402, y: -81.704, z: 2.414}
  m_LocalScale: {x: 1, y: 0.99999976, z: 0.99999976}
  m_Children:
  - {fileID: 3271554591706059132}
  - {fileID: 8216948170601876991}
  - {fileID: 6191048228506295698}
  - {fileID: 8196589159258676317}
  m_Father: {fileID: 0}
  m_RootOrder: 0
  m_LocalEulerAnglesHint: {x: -90, y: 0, z: 0}
--- !u!33 &2959138651750429355
MeshFilter:
  m_ObjectHideFlags: 0
  m_CorrespondingSourceObject: {fileID: 0}
  m_PrefabInstance: {fileID: 0}
  m_PrefabAsset: {fileID: 0}
  m_GameObject: {fileID: 2981609721413699231}
  m_Mesh: {fileID: 4300000, guid: e579059cd7d7e1d49960138af323d053, type: 3}
--- !u!23 &2968435201006009949
MeshRenderer:
  m_ObjectHideFlags: 0
  m_CorrespondingSourceObject: {fileID: 0}
  m_PrefabInstance: {fileID: 0}
  m_PrefabAsset: {fileID: 0}
  m_GameObject: {fileID: 2981609721413699231}
  m_Enabled: 1
  m_CastShadows: 1
  m_ReceiveShadows: 1
  m_DynamicOccludee: 1
  m_MotionVectors: 1
  m_LightProbeUsage: 1
  m_ReflectionProbeUsage: 1
  m_RayTracingMode: 2
  m_RayTraceProcedural: 0
  m_RenderingLayerMask: 4294967295
  m_RendererPriority: 0
  m_Materials:
  - {fileID: 2100000, guid: e579059cd7d7e1d49960138af323d053, type: 3}
  m_StaticBatchInfo:
    firstSubMesh: 0
    subMeshCount: 0
  m_StaticBatchRoot: {fileID: 0}
  m_ProbeAnchor: {fileID: 0}
  m_LightProbeVolumeOverride: {fileID: 0}
  m_ScaleInLightmap: 1
  m_ReceiveGI: 1
  m_PreserveUVs: 0
  m_IgnoreNormalsForChartDetection: 0
  m_ImportantGI: 0
  m_StitchLightmapSeams: 0
  m_SelectedEditorRenderState: 3
  m_MinimumChartSize: 4
  m_AutoUVMaxDistance: 0.5
  m_AutoUVMaxAngle: 89
  m_LightmapParameters: {fileID: 0}
  m_SortingLayerID: 0
  m_SortingLayer: 0
  m_SortingOrder: 0
  m_AdditionalVertexStreams: {fileID: 0}
--- !u!1001 &3271983324280093816
PrefabInstance:
  m_ObjectHideFlags: 0
  serializedVersion: 2
  m_Modification:
    m_TransformParent: {fileID: 2983675890216833275}
    m_Modifications:
    - target: {fileID: 1800696340282208, guid: 214bf82952a25084fb033dc2ba6da9bf, type: 3}
      propertyPath: m_Name
      value: Grass_3 (39)
      objectReference: {fileID: 0}
    - target: {fileID: 4097803588955396, guid: 214bf82952a25084fb033dc2ba6da9bf, type: 3}
      propertyPath: m_RootOrder
      value: 0
      objectReference: {fileID: 0}
    - target: {fileID: 4097803588955396, guid: 214bf82952a25084fb033dc2ba6da9bf, type: 3}
      propertyPath: m_LocalScale.x
      value: 0.8207001
      objectReference: {fileID: 0}
    - target: {fileID: 4097803588955396, guid: 214bf82952a25084fb033dc2ba6da9bf, type: 3}
      propertyPath: m_LocalScale.y
      value: 0.8206999
      objectReference: {fileID: 0}
    - target: {fileID: 4097803588955396, guid: 214bf82952a25084fb033dc2ba6da9bf, type: 3}
      propertyPath: m_LocalScale.z
      value: 0.82070005
      objectReference: {fileID: 0}
    - target: {fileID: 4097803588955396, guid: 214bf82952a25084fb033dc2ba6da9bf, type: 3}
      propertyPath: m_LocalPosition.x
      value: -0.35900068
      objectReference: {fileID: 0}
    - target: {fileID: 4097803588955396, guid: 214bf82952a25084fb033dc2ba6da9bf, type: 3}
      propertyPath: m_LocalPosition.y
      value: -0.26801306
      objectReference: {fileID: 0}
    - target: {fileID: 4097803588955396, guid: 214bf82952a25084fb033dc2ba6da9bf, type: 3}
      propertyPath: m_LocalPosition.z
      value: 0
      objectReference: {fileID: 0}
    - target: {fileID: 4097803588955396, guid: 214bf82952a25084fb033dc2ba6da9bf, type: 3}
      propertyPath: m_LocalRotation.w
      value: 0.9362417
      objectReference: {fileID: 0}
    - target: {fileID: 4097803588955396, guid: 214bf82952a25084fb033dc2ba6da9bf, type: 3}
      propertyPath: m_LocalRotation.x
      value: -0
      objectReference: {fileID: 0}
    - target: {fileID: 4097803588955396, guid: 214bf82952a25084fb033dc2ba6da9bf, type: 3}
      propertyPath: m_LocalRotation.y
      value: 0.00000004470348
      objectReference: {fileID: 0}
    - target: {fileID: 4097803588955396, guid: 214bf82952a25084fb033dc2ba6da9bf, type: 3}
      propertyPath: m_LocalRotation.z
      value: 0.35135671
      objectReference: {fileID: 0}
    - target: {fileID: 4097803588955396, guid: 214bf82952a25084fb033dc2ba6da9bf, type: 3}
      propertyPath: m_LocalEulerAnglesHint.x
      value: 0
      objectReference: {fileID: 0}
    - target: {fileID: 4097803588955396, guid: 214bf82952a25084fb033dc2ba6da9bf, type: 3}
      propertyPath: m_LocalEulerAnglesHint.y
      value: 0
      objectReference: {fileID: 0}
    - target: {fileID: 4097803588955396, guid: 214bf82952a25084fb033dc2ba6da9bf, type: 3}
      propertyPath: m_LocalEulerAnglesHint.z
      value: 41.141
      objectReference: {fileID: 0}
    m_RemovedComponents: []
  m_SourcePrefab: {fileID: 100100000, guid: 214bf82952a25084fb033dc2ba6da9bf, type: 3}
--- !u!4 &3271554591706059132 stripped
Transform:
  m_CorrespondingSourceObject: {fileID: 4097803588955396, guid: 214bf82952a25084fb033dc2ba6da9bf, type: 3}
  m_PrefabInstance: {fileID: 3271983324280093816}
  m_PrefabAsset: {fileID: 0}
--- !u!1001 &6189506515111162006
PrefabInstance:
  m_ObjectHideFlags: 0
  serializedVersion: 2
  m_Modification:
    m_TransformParent: {fileID: 2983675890216833275}
    m_Modifications:
    - target: {fileID: 1800696340282208, guid: 214bf82952a25084fb033dc2ba6da9bf, type: 3}
      propertyPath: m_Name
      value: Grass_3 (41)
      objectReference: {fileID: 0}
    - target: {fileID: 4097803588955396, guid: 214bf82952a25084fb033dc2ba6da9bf, type: 3}
      propertyPath: m_RootOrder
      value: 2
      objectReference: {fileID: 0}
    - target: {fileID: 4097803588955396, guid: 214bf82952a25084fb033dc2ba6da9bf, type: 3}
      propertyPath: m_LocalScale.x
      value: 0.9273911
      objectReference: {fileID: 0}
    - target: {fileID: 4097803588955396, guid: 214bf82952a25084fb033dc2ba6da9bf, type: 3}
      propertyPath: m_LocalScale.y
      value: 0.92739064
      objectReference: {fileID: 0}
    - target: {fileID: 4097803588955396, guid: 214bf82952a25084fb033dc2ba6da9bf, type: 3}
      propertyPath: m_LocalScale.z
      value: 0.927391
      objectReference: {fileID: 0}
    - target: {fileID: 4097803588955396, guid: 214bf82952a25084fb033dc2ba6da9bf, type: 3}
      propertyPath: m_LocalPosition.x
      value: 0.32099962
      objectReference: {fileID: 0}
    - target: {fileID: 4097803588955396, guid: 214bf82952a25084fb033dc2ba6da9bf, type: 3}
      propertyPath: m_LocalPosition.y
      value: 0.52998364
      objectReference: {fileID: 0}
    - target: {fileID: 4097803588955396, guid: 214bf82952a25084fb033dc2ba6da9bf, type: 3}
      propertyPath: m_LocalPosition.z
      value: 0
      objectReference: {fileID: 0}
    - target: {fileID: 4097803588955396, guid: 214bf82952a25084fb033dc2ba6da9bf, type: 3}
      propertyPath: m_LocalRotation.w
      value: 0.6751514
      objectReference: {fileID: 0}
    - target: {fileID: 4097803588955396, guid: 214bf82952a25084fb033dc2ba6da9bf, type: 3}
      propertyPath: m_LocalRotation.x
      value: 0.000000029802319
      objectReference: {fileID: 0}
    - target: {fileID: 4097803588955396, guid: 214bf82952a25084fb033dc2ba6da9bf, type: 3}
      propertyPath: m_LocalRotation.y
      value: 0.00000008940696
      objectReference: {fileID: 0}
    - target: {fileID: 4097803588955396, guid: 214bf82952a25084fb033dc2ba6da9bf, type: 3}
      propertyPath: m_LocalRotation.z
      value: 0.7376793
      objectReference: {fileID: 0}
    - target: {fileID: 4097803588955396, guid: 214bf82952a25084fb033dc2ba6da9bf, type: 3}
      propertyPath: m_LocalEulerAnglesHint.x
      value: 0
      objectReference: {fileID: 0}
    - target: {fileID: 4097803588955396, guid: 214bf82952a25084fb033dc2ba6da9bf, type: 3}
      propertyPath: m_LocalEulerAnglesHint.y
      value: 0
      objectReference: {fileID: 0}
    - target: {fileID: 4097803588955396, guid: 214bf82952a25084fb033dc2ba6da9bf, type: 3}
      propertyPath: m_LocalEulerAnglesHint.z
      value: 95.068
      objectReference: {fileID: 0}
    m_RemovedComponents: []
  m_SourcePrefab: {fileID: 100100000, guid: 214bf82952a25084fb033dc2ba6da9bf, type: 3}
--- !u!4 &6191048228506295698 stripped
Transform:
  m_CorrespondingSourceObject: {fileID: 4097803588955396, guid: 214bf82952a25084fb033dc2ba6da9bf, type: 3}
  m_PrefabInstance: {fileID: 6189506515111162006}
  m_PrefabAsset: {fileID: 0}
--- !u!1001 &8200681669593215321
PrefabInstance:
  m_ObjectHideFlags: 0
  serializedVersion: 2
  m_Modification:
    m_TransformParent: {fileID: 2983675890216833275}
    m_Modifications:
    - target: {fileID: 1800696340282208, guid: 214bf82952a25084fb033dc2ba6da9bf, type: 3}
      propertyPath: m_Name
      value: Grass_3 (42)
      objectReference: {fileID: 0}
    - target: {fileID: 4097803588955396, guid: 214bf82952a25084fb033dc2ba6da9bf, type: 3}
      propertyPath: m_RootOrder
      value: 3
      objectReference: {fileID: 0}
    - target: {fileID: 4097803588955396, guid: 214bf82952a25084fb033dc2ba6da9bf, type: 3}
      propertyPath: m_LocalScale.x
      value: 0.73038536
      objectReference: {fileID: 0}
    - target: {fileID: 4097803588955396, guid: 214bf82952a25084fb033dc2ba6da9bf, type: 3}
      propertyPath: m_LocalScale.y
      value: 0.73038524
      objectReference: {fileID: 0}
    - target: {fileID: 4097803588955396, guid: 214bf82952a25084fb033dc2ba6da9bf, type: 3}
      propertyPath: m_LocalScale.z
      value: 0.73038524
      objectReference: {fileID: 0}
    - target: {fileID: 4097803588955396, guid: 214bf82952a25084fb033dc2ba6da9bf, type: 3}
      propertyPath: m_LocalPosition.x
      value: -0.47800016
      objectReference: {fileID: 0}
    - target: {fileID: 4097803588955396, guid: 214bf82952a25084fb033dc2ba6da9bf, type: 3}
      propertyPath: m_LocalPosition.y
      value: 0.4099885
      objectReference: {fileID: 0}
    - target: {fileID: 4097803588955396, guid: 214bf82952a25084fb033dc2ba6da9bf, type: 3}
      propertyPath: m_LocalPosition.z
      value: 0
      objectReference: {fileID: 0}
    - target: {fileID: 4097803588955396, guid: 214bf82952a25084fb033dc2ba6da9bf, type: 3}
      propertyPath: m_LocalRotation.w
      value: 0.9362417
      objectReference: {fileID: 0}
    - target: {fileID: 4097803588955396, guid: 214bf82952a25084fb033dc2ba6da9bf, type: 3}
      propertyPath: m_LocalRotation.x
      value: -0
      objectReference: {fileID: 0}
    - target: {fileID: 4097803588955396, guid: 214bf82952a25084fb033dc2ba6da9bf, type: 3}
      propertyPath: m_LocalRotation.y
      value: 0.00000004470348
      objectReference: {fileID: 0}
    - target: {fileID: 4097803588955396, guid: 214bf82952a25084fb033dc2ba6da9bf, type: 3}
      propertyPath: m_LocalRotation.z
      value: 0.35135671
      objectReference: {fileID: 0}
    - target: {fileID: 4097803588955396, guid: 214bf82952a25084fb033dc2ba6da9bf, type: 3}
      propertyPath: m_LocalEulerAnglesHint.x
      value: 0
      objectReference: {fileID: 0}
    - target: {fileID: 4097803588955396, guid: 214bf82952a25084fb033dc2ba6da9bf, type: 3}
      propertyPath: m_LocalEulerAnglesHint.y
      value: 0
      objectReference: {fileID: 0}
    - target: {fileID: 4097803588955396, guid: 214bf82952a25084fb033dc2ba6da9bf, type: 3}
      propertyPath: m_LocalEulerAnglesHint.z
      value: 41.141
      objectReference: {fileID: 0}
    m_RemovedComponents: []
  m_SourcePrefab: {fileID: 100100000, guid: 214bf82952a25084fb033dc2ba6da9bf, type: 3}
--- !u!4 &8196589159258676317 stripped
Transform:
  m_CorrespondingSourceObject: {fileID: 4097803588955396, guid: 214bf82952a25084fb033dc2ba6da9bf, type: 3}
  m_PrefabInstance: {fileID: 8200681669593215321}
  m_PrefabAsset: {fileID: 0}
--- !u!1001 &8216527512432419067
PrefabInstance:
  m_ObjectHideFlags: 0
  serializedVersion: 2
  m_Modification:
    m_TransformParent: {fileID: 2983675890216833275}
    m_Modifications:
    - target: {fileID: 1800696340282208, guid: 214bf82952a25084fb033dc2ba6da9bf, type: 3}
      propertyPath: m_Name
      value: Grass_3 (40)
      objectReference: {fileID: 0}
    - target: {fileID: 4097803588955396, guid: 214bf82952a25084fb033dc2ba6da9bf, type: 3}
      propertyPath: m_RootOrder
      value: 1
      objectReference: {fileID: 0}
    - target: {fileID: 4097803588955396, guid: 214bf82952a25084fb033dc2ba6da9bf, type: 3}
      propertyPath: m_LocalScale.x
      value: 0.8207001
      objectReference: {fileID: 0}
    - target: {fileID: 4097803588955396, guid: 214bf82952a25084fb033dc2ba6da9bf, type: 3}
      propertyPath: m_LocalScale.y
      value: 0.8206999
      objectReference: {fileID: 0}
    - target: {fileID: 4097803588955396, guid: 214bf82952a25084fb033dc2ba6da9bf, type: 3}
      propertyPath: m_LocalScale.z
      value: 0.82070005
      objectReference: {fileID: 0}
    - target: {fileID: 4097803588955396, guid: 214bf82952a25084fb033dc2ba6da9bf, type: 3}
      propertyPath: m_LocalPosition.x
      value: 0.64199877
      objectReference: {fileID: 0}
    - target: {fileID: 4097803588955396, guid: 214bf82952a25084fb033dc2ba6da9bf, type: 3}
      propertyPath: m_LocalPosition.y
      value: -0.07901003
      objectReference: {fileID: 0}
    - target: {fileID: 4097803588955396, guid: 214bf82952a25084fb033dc2ba6da9bf, type: 3}
      propertyPath: m_LocalPosition.z
      value: 0
      objectReference: {fileID: 0}
    - target: {fileID: 4097803588955396, guid: 214bf82952a25084fb033dc2ba6da9bf, type: 3}
      propertyPath: m_LocalRotation.w
      value: 0.9362417
      objectReference: {fileID: 0}
    - target: {fileID: 4097803588955396, guid: 214bf82952a25084fb033dc2ba6da9bf, type: 3}
      propertyPath: m_LocalRotation.x
      value: -0
      objectReference: {fileID: 0}
    - target: {fileID: 4097803588955396, guid: 214bf82952a25084fb033dc2ba6da9bf, type: 3}
      propertyPath: m_LocalRotation.y
      value: 0.00000004470348
      objectReference: {fileID: 0}
    - target: {fileID: 4097803588955396, guid: 214bf82952a25084fb033dc2ba6da9bf, type: 3}
      propertyPath: m_LocalRotation.z
      value: 0.35135671
      objectReference: {fileID: 0}
    - target: {fileID: 4097803588955396, guid: 214bf82952a25084fb033dc2ba6da9bf, type: 3}
      propertyPath: m_LocalEulerAnglesHint.x
      value: 0
      objectReference: {fileID: 0}
    - target: {fileID: 4097803588955396, guid: 214bf82952a25084fb033dc2ba6da9bf, type: 3}
      propertyPath: m_LocalEulerAnglesHint.y
      value: 0
      objectReference: {fileID: 0}
    - target: {fileID: 4097803588955396, guid: 214bf82952a25084fb033dc2ba6da9bf, type: 3}
      propertyPath: m_LocalEulerAnglesHint.z
      value: 41.141
      objectReference: {fileID: 0}
    m_RemovedComponents: []
  m_SourcePrefab: {fileID: 100100000, guid: 214bf82952a25084fb033dc2ba6da9bf, type: 3}
--- !u!4 &8216948170601876991 stripped
Transform:
  m_CorrespondingSourceObject: {fileID: 4097803588955396, guid: 214bf82952a25084fb033dc2ba6da9bf, type: 3}
  m_PrefabInstance: {fileID: 8216527512432419067}
  m_PrefabAsset: {fileID: 0}
